:20:USUNSTRUCT2026
:25:9876543210
:28C:00015/001
:60F:C260601USD10000,00
:61:2606010601D350,00NTRF//001293
:86:WIRE TRANSFER OUT TO JOHN DOE FOR MARCH INVOICE 44552 VIA NEW YORK CORE BRANCH
:61:2606020602C1450,00NTRF//001294
:86:ACH CREDIT FROM PAYPAL EXTRACT VENMO TRANSFER ID 883910243 CUSTOMER PAYROLL
:62F:C260602USD11100,00
