:20:POLANDANG2026
:25:PL121010102300001234567890
:28C:00112/001
:60F:C260601PLN85000,00
:61:2606010601D1200,50N010//NONREF
:86:010<00PRZELEW PRZYCHODZACY<20FAKTURA 1234/2026<27JOHN DOE SERVICES<30PL22103004
:61:2606020602C4300,00N020//NONREF
:86:020<00UZNANIE RACHUNKU<20ZWROT KOWALSKI TXN-991<27ALEXANDRA SMITH SP Z O O
:62F:C260602PLN88099,50
