:20:STRESSTEST2026
:25:GBP99887766554433
:28C:00099/001
:60F:C260601GBP35000,00
:61:2606010601D100,00NTRF//UNK1
:86:UNKNOWN REGIONAL FORMAT CODE XYZ999-DATABLOCK-112233-PART4
:61:2606020602C5000,00NTRF//SWF2
:86:/EREF/STRESS-881/REMI/COMPLEX MULTILINE WRAPPING TRANSACTION THAT
SHOULD CONTINUOUSLY PARSE EVEN WHEN THE LINE BREAKS OCCUR IN THE
MIDDLE OF A WORD OR TEXT BLOCK/NAME/ENTERPRISE HOLDINGS PLC
:61:2606030603D45,50NMSC//CHG
:86:MONTHLY ACCOUNT SERVICE FEE MINUS REGISTERED REBATE
:62F:C260603GBP39854,50
