:20:SWIFTSTRUCT2026
:25:EUR8934567890123456
:28C:00342/001
:60F:C260601EUR50000,00
:61:2606010601D1500,00NTRF//INV991
:86:/EREF/INV-2026-991/REMI/MONTHLY RETAINER FEES/NAME/ALPHA DIGITAL CORP/BIC/ALPHDEFFXXX
:61:2606020602C3250,75NTRF//RFB-882
:86:/EREF/TXN-882910/REMI/REIMBURSEMENT FOR OVERHEAD/NAME/BETATECH LOGISTICS/BIC/BETAUS33XXX
:61:2606020602D250,00NMSC//FEE-01
:86:/EREF/SRV-4412/REMI/MONTHLY ACCOUNT MAINTENANCE FEE/NAME/GLOBAL BANKING CORP
:62F:C260602EUR51500,75
