:20:DEUTSCHGVC2026
:25:12345678/0009876543
:28C:00078/001
:60F:C260601EUR120000,00
:61:2606010601D450,00N166//NONREF
:86:166?00REMITTANCE?20INV-9924?21KREATOR ABSCHNITT 1?3010020030?3188776655?32ACME CORP GMBH
:61:2606020602C12500,00N201//NONREF
:86:201?00GUTSCHRIFT?20KUNDE-88124?21RECHNUNG 441029?3030040020?3111223344?32MUELLER TRADING CO
:62F:C260602EUR132050,00
